<?xml version="1.0" encoding="UTF-8"?><collection xmlns="http://www.loc.gov/MARC21/slim"><record><leader>00507nam--2200181-i-4500</leader><controlfield tag="001">000036691</controlfield><controlfield tag="002">20161230</controlfield><controlfield tag="005">20161230201041</controlfield><controlfield tag="008">060222s1000------------r-----000-0-rus-d</controlfield><datafield ind1=" " ind2=" " tag="040"><subfield code="a">IFIN-HH</subfield></datafield><datafield ind1=" " ind2=" " tag="041"><subfield code="a">rus</subfield></datafield><datafield ind1=" " ind2=" " tag="080"><subfield code="a">533.9.082:533.924</subfield></datafield><datafield ind1="1" ind2=" " tag="100"><subfield code="a">Gott, Iu.V</subfield></datafield><datafield ind1="1" ind2="0" tag="245"><subfield code="a">Vzaimodeistvie medlennih ceasvie s veshestvom i diagnostika plazmi</subfield><subfield code="c">Iu.V. Gott, Iu.N. Iavlinskii</subfield></datafield><datafield ind1=" " ind2=" " tag="260"><subfield code="a">Moskva</subfield><subfield code="b">Atomizdat</subfield><subfield code="c">1973</subfield></datafield><datafield ind1=" " ind2=" " tag="700"><subfield code="a">Iavlinskii, Iu.N</subfield></datafield><datafield ind1=" " ind2=" " tag="852"><subfield code="a">40231</subfield><subfield code="c">533.9</subfield></datafield><datafield ind1=" " ind2=" " tag="CAT"><subfield code="a">Sys</subfield><subfield code="c">20100927</subfield><subfield code="h">101859</subfield></datafield></record></collection>